@inproceedings{Stisen15,
	author = {Stisen, Allan and Blunck, Henrik and Bhattacharya, Sourav and Prentow, Thor Siiger and Kj{\ae}rgaard, Mikkel Baun and Dey, Anind and Sonne, Tobias and Jensen, Mads M{\o}ller},
	title = {Smart Devices Are Different: Assessing and MitigatingMobile Sensing Heterogeneities for Activity Recognition},
	booktitle = {Proceedings of the 13th ACM Conference on Embedded Networked Sensor Systems},
	series = {SenSys '15},
	year = {2015},
	isbn = {978-1-4503-3631-4},
	location = {Seoul, South Korea},
	pages = {127--140},
	numpages = {14},
	url = {http://doi.acm.org/10.1145/2809695.2809718},
	doi = {10.1145/2809695.2809718},
	acmid = {2809718},
	publisher = {ACM},
	address = {New York, NY, USA},
	keywords = {activity recognition, mobile sensing},}

@ARTICLE{Vaizman17,
	author={Y. {Vaizman} and K. {Ellis} and G. {Lanckriet}},
	journal={IEEE Pervasive Computing},
	title={Recognizing Detailed Human Context in the Wild from Smartphones and Smartwatches},
	year={2017},
	volume={16},
	number={4},
	pages={62-74},
	keywords={behavioural sciences computing;geriatrics;mobile computing;sensor fusion;smart phones;health monitoring;context recognition;sensor data;personal phone;multimodal sensors;smartphones;smartwatches;detailed human context recognition;automatic person behavioral context recognition;Machine learning;Smart phones;Data collection;Pervasive computing;Biomedical monitoring;Performance evaluation;Bioinformatics;Intelligent systems;Context awareness;Mobile sensors;context awareness;mobile sensors;artificial intelligence;machine learning;human activity recognition;intelligent systems;mobile;pervasive computing;Internet of Things;healthcare;bioinformatics},
	doi={10.1109/MPRV.2017.3971131},
	ISSN={1536-1268},
	month={October},}

@article{Vaizman18,
	author = {Vaizman, Yonatan and Weibel, Nadir and Lanckriet, Gert},
	title = {Context Recognition In-the-Wild: Unified Model for Multi-Modal Sensors and Multi-Label Classification},
	journal = {Proc. ACM Interact. Mob. Wearable Ubiquitous Technol.},
	issue_date = {December 2017},
	volume = {1},
	number = {4},
	month = jan,
	year = {2018},
	issn = {2474-9567},
	pages = {168:1--168:22},
	articleno = {168},
	numpages = {22},
	url = {http://doi.acm.org/10.1145/3161192},
	doi = {10.1145/3161192},
	acmid = {3161192},
	publisher = {ACM},
	address = {New York, NY, USA},
	keywords = {Behavioral context recognition, Multi-label classification, Multi-modal sensing},}

@article{Ramasamy18,
	author = {Ramasamy Ramamurthy, Sreenivasan and Roy, Nirmalya},
	title = {Recent trends in machine learning for human activity recognitionâ€”A survey},
	journal = {Wiley Interdisciplinary Reviews: Data Mining and Knowledge Discovery},
	volume = {8},
	number = {4},
	pages = {e1254},
	keywords = {active learning, activity recognition, data mining, deep learning, machine learning, transfer learning, wearable sensors},
	doi = {10.1002/widm.1254},
	url = {https://onlinelibrary.wiley.com/doi/abs/10.1002/widm.1254},
	eprint = {https://onlinelibrary.wiley.com/doi/pdf/10.1002/widm.1254},
	year = {2018}
}

@ARTICLE{Lara13,
	author={O. D. {Lara} and M. A. {Labrador}},
	journal={IEEE Communications Surveys Tutorials},
	title={A Survey on Human Activity Recognition using Wearable Sensors},
	year={2013},
	volume={15},
	number={3},
	pages={1192-1209},
	keywords={image motion analysis;learning (artificial intelligence);mobile computing;wearable computers;human activity recognition;wearable sensors;pervasive computing;mobile devices;two-level taxonomy;semi-supervised learning;response time;recognition performance;energy consumption;open problems;Feature extraction;Accelerometers;Pervasive computing;Wearable sensors;Human-centric sensing;machine learning;mobile applications;context awareness},
	doi={10.1109/SURV.2012.110112.00192},
	ISSN={1553-877X},
	month={Third},}

@article{Saeed18,
	author    = {Aaqib Saeed and
	Tanir Ozcelebi and
	Stojan Trajanovski and
	Johan Lukkien},
	title     = {Learning behavioral context recognition with multi-stream temporal
	convolutional networks},
	journal   = {CoRR},
	volume    = {abs/1808.08766},
	year      = {2018},
	url       = {http://arxiv.org/abs/1808.08766},
	archivePrefix = {arXiv},
	eprint    = {1808.08766},
	timestamp = {Sun, 02 Sep 2018 15:01:55 +0200},
	biburl    = {https://dblp.org/rec/bib/journals/corr/abs-1808-08766},
	bibsource = {dblp computer science bibliography, https://dblp.org}}

@inproceedings{Saeed18-2,
	title={Synthesizing and Reconstructing Missing Sensory Modalities in Behavioral Context Recognition},
	author={Aaqib Saeed and Tanir Ozcelebi and Johan J. Lukkien},
	booktitle={Sensors},
	year={2018}}

@INPROCEEDINGS{Li19,
	author={L. {Li} and X. {Xu} and Y. {Li} and L. {Zhang}},
	booktitle={2019 18th ACM/IEEE International Conference on Information Processing in Sensor Networks (IPSN)},
	title={Poster Abstract: A Maximal Correlation Embedding Method for Multilabel Human Context Recognition},
	year={2019},
	volume={},
	number={},
	pages={305-306},
	keywords={medical computing;maximal correlation embedding method;multilabel human context recognition;wearable devices;Correlation;Optimization;Training;Sensitivity;Real-time systems;Sensors;Machine learning},
	doi={10.1145/3302506.3312601},
	ISSN={},
	month={April},}

@article{Zhang19,
	author = {Zhang, Wenting and Zhao, Xiaohui and Li, Zan},
	year = {2019},
	month = {06},
	pages = {1-1},
	title = {A Comprehensive Study of Smartphone-based Indoor Activity Recognition via XGBoost},
	volume = {PP},
	journal = {IEEE Access},
	doi = {10.1109/ACCESS.2019.2922974}}

@article{Xu18,
	title={Matrix Co-completion for Multi-label Classification with Missing Features and Labels},
	author={Miao Xu and Gang Niu and Bo Han and Ivor Wai-Hung Tsang and Zuo-cheng Zhou and Masashi Sugiyama},
	journal={ArXiv},
	year={2018},
	volume={abs/1805.09156}}

@inproceedings{Bi14,
	author = {Bi, Wei and Kwok, James T.},
	title = {Multilabel Classification with Label Correlations and Missing Labels},
	booktitle = {Proceedings of the Twenty-Eighth AAAI Conference on Artificial Intelligence},
	series = {AAAI'14},
	year = {2014},
	location = {Qu\&\#233;bec City, Qu\&\#233;bec, Canada},
	pages = {1680--1686},
	numpages = {7},
	url = {http://dl.acm.org/citation.cfm?id=2892753.2892786},
	acmid = {2892786},
	publisher = {AAAI Press},} 

@InProceedings{Anguita12,
	author="Anguita, Davide
	and Ghio, Alessandro
	and Oneto, Luca
	and Parra, Xavier
	and Reyes-Ortiz, Jorge L.",
	editor="Bravo, Jos{\'e}
	and Herv{\'a}s, Ram{\'o}n
	and Rodr{\'i}guez, Marcela",
	title="Human Activity Recognition on Smartphones Using a Multiclass Hardware-Friendly Support Vector Machine",
	booktitle="Ambient Assisted Living and Home Care",
	year="2012",
	publisher="Springer Berlin Heidelberg",
	address="Berlin, Heidelberg",
	pages="216--223",
	isbn="978-3-642-35395-6"}

@InProceedings{Lee11,
	author="Lee, Young-Seol
	and Cho, Sung-Bae",
	editor="Corchado, Emilio
	and Kurzy{\'{n}}ski, Marek
	and Wo{\'{z}}niak, Micha{\l}",
	title="Activity Recognition Using Hierarchical Hidden Markov Models on a Smartphone with 3D Accelerometer",
	booktitle="Hybrid Artificial Intelligent Systems",
	year="2011",
	publisher="Springer Berlin Heidelberg",
	address="Berlin, Heidelberg",
	pages="460--467",
	isbn="978-3-642-21219-2"}

@article{mazumder2010spectral,
	title={Spectral regularization algorithms for learning large incomplete matrices},
	author={Mazumder, Rahul and Hastie, Trevor and Tibshirani, Robert},
	journal={Journal of machine learning research},
	volume={11},
	number={Aug},
	pages={2287--2322},
	year={2010}
}

@article{buuren2010mice,
	title={mice: Multivariate imputation by chained equations in R},
	author={Buuren, S van and Groothuis-Oudshoorn, Karin},
	journal={Journal of statistical software},
	pages={1--68},
	year={2010},
	publisher={University of California, Los Angeles}
}

@inproceedings{li2019,
	author = {Li, Lu and Li, Yang and Xu, Xiangxiang and Zhang, Lin},
	title = {A Maximal Correlation Embedding Method for Multilabel Human Context Recognition: Poster Abstract},
	booktitle = {Proceedings of the 18th International Conference on Information Processing in Sensor Networks},
	series = {IPSN '19},
	year = {2019},
	isbn = {978-1-4503-6284-9},
	location = {Montreal, Quebec, Canada},
	pages = {305--306},
	numpages = {2},
	url = {http://doi.acm.org/10.1145/3302506.3312601},
	doi = {10.1145/3302506.3312601},
	acmid = {3312601},
	publisher = {ACM},
	address = {New York, NY, USA},
} 

@article{Huang2017,
	title={An information-theoretic approach to unsupervised feature selection for high-dimensional data},
	author={Shao-Lun Huang and Liyuan Zhang and Lizhong Zheng},
	journal={2017 IEEE Information Theory Workshop (ITW)},
	year={2017},
	pages={434-438}
}

@inproceedings{Dozat2015,
	title={{Incorporating Nesterov Momentum into Adam}},
	author={Timothy Dozat},
	year={2015}
}

@article{Klambauer17,
	author    = {G{\"{u}}nter Klambauer and
	Thomas Unterthiner and
	Andreas Mayr and
	Sepp Hochreiter},
	title     = {Self-Normalizing Neural Networks},
	journal   = {CoRR},
	volume    = {abs/1706.02515},
	year      = {2017},
	url       = {http://arxiv.org/abs/1706.02515},
	archivePrefix = {arXiv},
	eprint    = {1706.02515},
	timestamp = {Mon, 13 Aug 2018 16:46:33 +0200},
	biburl    = {https://dblp.org/rec/bib/journals/corr/KlambauerUMH17},
	bibsource = {dblp computer science bibliography, https://dblp.org}
}



@InProceedings{Gal2016,
	title = 	 {Dropout as a Bayesian Approximation: Representing Model Uncertainty in Deep Learning},
	author = 	 {Yarin Gal and Zoubin Ghahramani},
	booktitle = 	 {Proceedings of The 33rd International Conference on Machine Learning},
	pages = 	 {1050--1059},
	year = 	 {2016},
	editor = 	 {Maria Florina Balcan and Kilian Q. Weinberger},
	volume = 	 {48},
	series = 	 {Proceedings of Machine Learning Research},
	address = 	 {New York, New York, USA},
	month = 	 {20--22 Jun},
	publisher = 	 {PMLR},
	pdf = 	 {http://proceedings.mlr.press/v48/gal16.pdf},
	url = 	 {http://proceedings.mlr.press/v48/gal16.html},
}

@inproceedings{snoek2012practical,
	title={Practical bayesian optimization of machine learning algorithms},
	author={Snoek, Jasper and Larochelle, Hugo and Adams, Ryan P},
	booktitle={Advances in neural information processing systems},
	pages={2951--2959},
	year={2012}
}

@Misc{Jiang,
	author = {Xiaoyu Jiang},
	title = {Lecture: Pattern Recognition and Machine Learning},
	location = {WWU MÃ¼nster, Germany},
	year = {2019}
}
