@article{saeed2018learning,
	title={Learning behavioral context recognition with multi-stream temporal convolutional networks},
	author={Saeed, Aaqib and Ozcelebi, Tanir and Trajanovski, Stojan and Lukkien, Johan},
	journal={arXiv preprint arXiv:1808.08766},
	year={2018}
}